@misc{michrochip_dev_connection,
AUTHOR = "{Microchip Technology, Inc.}", 
NOTE="\url{https://microchipdeveloper.com/wireless:ble-link-layer-connections} [aufgerufen am 12.05.2021]",
YEAR = "2021"
}
